@incollection{Narten:2003:SP:1074100.1074850,
 author = {Narten, Thomas},
 title = {Systems Programming},
 booktitle = {Encyclopedia of Computer Science},
 isbn = {0-470-86412-5},
 pages = {1739--1741},
 numpages = {3},
 url = {http://dl.acm.org/citation.cfm?id=1074100.1074850},
 acmid = {1074850},
 publisher = {John Wiley and Sons Ltd.},
 address = {Chichester, UK},
}
@incollection{Bartley:2003:GC:1074100.1074419,
 author = {Bartley, David H.},
 title = {Garbage Collection},
 booktitle = {Encyclopedia of Computer Science},
 isbn = {0-470-86412-5},
 pages = {743--744},
 numpages = {2},
 url = {http://dl.acm.org/citation.cfm?id=1074100.1074419},
 acmid = {1074419},
 publisher = {John Wiley and Sons Ltd.},
 address = {Chichester, UK},
}
@incollection{Wise:2003:FP:1074100.1074416,
 author = {Wise, David S.},
 title = {Functional Programming},
 booktitle = {Encyclopedia of Computer Science},
 isbn = {0-470-86412-5},
 pages = {736--739},
 numpages = {4},
 url = {http://dl.acm.org/citation.cfm?id=1074100.1074416},
 acmid = {1074416},
 publisher = {John Wiley and Sons Ltd.},
 address = {Chichester, UK},
}
@article{Dijkstra:1978:OGC:359642.359655,
 author = {Dijkstra, Edsger W. and Lamport, Leslie and Martin, A. J. and Scholten, C. S. and Steffens, E. F. M.},
 title = {On-the-fly Garbage Collection: An Exercise in Cooperation},
 journal = {Commun. ACM},
 issue_date = {Nov. 1978},
 volume = {21},
 number = {11},
 month = nov,
 year = {1978},
 issn = {0001-0782},
 pages = {966--975},
 numpages = {10},
 url = {http://doi.acm.org/10.1145/359642.359655},
 doi = {10.1145/359642.359655},
 acmid = {359655},
 publisher = {ACM},
 address = {New York, NY, USA},
 keywords = {cooperation bet. sequential processes w/ minimized mutual ex, fine-grained interleaving, garbage collection, multiprocessing, program correctness for multiprogramming tasks},
}
@inproceedings{Hertz:2005:QPG:1094811.1094836,
 author = {Hertz, Matthew and Berger, Emery D.},
 title = {Quantifying the Performance of Garbage Collection vs. Explicit Memory Management},
 booktitle = {Proceedings of the 20th Annual ACM SIGPLAN Conference on Object-oriented Programming, Systems, Languages, and Applications},
 series = {OOPSLA '05},
 year = {2005},
 isbn = {1-59593-031-0},
 location = {San Diego, CA, USA},
 pages = {313--326},
 numpages = {14},
 url = {http://doi.acm.org/10.1145/1094811.1094836},
 doi = {10.1145/1094811.1094836},
 acmid = {1094836},
 publisher = {ACM},
 address = {New York, NY, USA},
 keywords = {explicit memory management, garbage collection, oracular memory management, paging, performance analysis, throughput, time-space tradeoff},
}

@inproceedings{Shapiro:2006:PLC:1215995.1216004,
 author = {Shapiro, Jonathan},
 title = {Programming Language Challenges in Systems Codes: Why Systems Programmers Still Use {C}, and What to Do About It},
 booktitle = {Proceedings of the 3rd Workshop on Programming Languages and Operating Systems: Linguistic Support for Modern Operating Systems},
 series = {PLOS '06},
 year = {2006},
 isbn = {1-59593-577-0},
 location = {San Jose, California},
 articleno = {9},
 url = {http://doi.acm.org/10.1145/1215995.1216004},
 doi = {10.1145/1215995.1216004},
 acmid = {1216004},
 publisher = {ACM},
 address = {New York, NY, USA},
}
@book{jones2003haskell,
  title={Haskell 98 language and libraries: the revised report},
  author={Jones, Simon L Peyton},
  year={2003},
  publisher={Cambridge University Press}
}
@article{hudak1992report,
  title={Report on the programming language {Haskell}: a non-strict, purely functional language version 1.2},
  author={Hudak, Paul and Peyton Jones, Simon and Wadler, Philip and Boutel, Brian and Fairbairn, Jon and Fasel, Joseph and Guzm{\'a}n, Mar{\'\i}a M and Hammond, Kevin and Hughes, John and Johnsson, Thomas and others},
  journal={ACM SIGPLAN notices},
  volume={27},
  number={5},
  pages={1--164},
  year={1992},
  publisher={ACM}
}
@techreport{odersky2004overview,
  title={An overview of the {Scala} programming language},
  author={Odersky, Martin and Altherr, Philippe and Cremet, Vincent and Emir, Burak and Maneth, Sebastian and Micheloud, St{\'e}phane and Mihaylov, Nikolay and Schinz, Michel and Stenman, Erik and Zenger, Matthias},
  year={2004}
}
@misc{odersky2004scala,
  title={The {Scala} language specification},
  author={Odersky, Martin and Altherr, Philippe and Cremet, Vincent and Emir, Burak and Micheloud, St{\'e}phane and Mihaylov, Nikolay and Schinz, Michel and Stenman, Erik and Zenger, Matthias},
  year={2004}
}
@book{kernighan1988c,
  title={The {C} programming language},
  author={Kernighan, Brian W and Ritchie, Dennis M and Ejeklint, Per},
  volume={2},
  year={1988},
  publisher={Prentice-Hall Englewood Cliffs}
}
@article{Baker:1992:LLL:142137.142162,
 author = {Baker, Henry G.},
 title = {{Lively Linear Lisp: ``Look Ma, No Garbage!''}},
 journal = {SIGPLAN Not.},
 issue_date = {Aug. 1992},
 volume = {27},
 number = {8},
 month = aug,
 year = {1992},
 issn = {0362-1340},
 pages = {89--98},
 numpages = {10},
 url = {http://doi.acm.org/10.1145/142137.142162},
 doi = {10.1145/142137.142162},
 acmid = {142162},
 publisher = {ACM},
 address = {New York, NY, USA},
}
@article{Baker:1995:UVL:199818.199860,
 author = {Baker, Henry G.},
 title = {{`Use-once'} Variables and Linear Objects: Storage Management, Reflection and Multi-threading},
 journal = {SIGPLAN Not.},
 issue_date = {Jan. 1995},
 volume = {30},
 number = {1},
 month = jan,
 year = {1995},
 issn = {0362-1340},
 pages = {45--52},
 numpages = {8},
 url = {http://doi.acm.org/10.1145/199818.199860},
 doi = {10.1145/199818.199860},
 acmid = {199860},
 publisher = {ACM},
 address = {New York, NY, USA},
}

@inproceedings{Matsakis:2014:RL:2663171.2663188,
 author = {Matsakis, Nicholas D. and Klock,II, Felix S.},
 title = {{The Rust Language}},
 booktitle = {Proceedings of the 2014 ACM SIGAda Annual Conference on High Integrity Language Technology},
 series = {HILT '14},
 year = {2014},
 isbn = {978-1-4503-3217-0},
 location = {Portland, Oregon, USA},
 pages = {103--104},
 numpages = {2},
 url = {http://doi.acm.org/10.1145/2663171.2663188},
 doi = {10.1145/2663171.2663188},
 acmid = {2663188},
 publisher = {ACM},
 address = {New York, NY, USA},
 keywords = {affine type systems, memory management, rust, systems programming},
}
@inproceedings{Henglein:2001:DAC:773184.773203,
 author = {Henglein, Fritz and Makholm, Henning and Niss, Henning},
 title = {A Direct Approach to Control-flow Sensitive Region-based Memory Management},
 booktitle = {Proceedings of the 3rd ACM SIGPLAN International Conference on Principles and Practice of Declarative Programming},
 series = {PPDP '01},
 year = {2001},
 isbn = {1-58113-388-X},
 location = {Florence, Italy},
 pages = {175--186},
 numpages = {12},
 url = {http://doi.acm.org/10.1145/773184.773203},
 doi = {10.1145/773184.773203},
 acmid = {773203},
 publisher = {ACM},
 address = {New York, NY, USA},
}
@inproceedings{Davis:2012:TRM:2247684.2247695,
 author = {Davis, Matthew and Schachte, Peter and Somogyi, Zoltan and S{\o}ndergaard, Harald},
 title = {Towards Region-based Memory Management for {Go}},
 booktitle = {Proceedings of the 2012 ACM SIGPLAN Workshop on Memory Systems Performance and Correctness},
 series = {MSPC '12},
 year = {2012},
 isbn = {978-1-4503-1219-6},
 location = {Beijing, China},
 pages = {58--67},
 numpages = {10},
 url = {http://doi.acm.org/10.1145/2247684.2247695},
 doi = {10.1145/2247684.2247695},
 acmid = {2247695},
 publisher = {ACM},
 address = {New York, NY, USA},
 keywords = {Go, experiments, memory management, memory regions, program analysis, program transformation},
}
@article{r6rs,
  title={Revised$^{6}$ report on the algorithmic language {Scheme}},
  author={Sperber, Michael and Dybvig, RK and Flatt, Matthew and Van Straaten, Anton and Findler, Robby and Matthews, Jacob},
  journal={Journal of Functional Programming},
  volume={19},
  number={S1},
  pages={1--301},
  year={2009},
  publisher={Cambridge Univ Press}
}
@inproceedings{hawblitzel2004low,
  title={Low-level linear memory management},
  author={Hawblitzel, Chris and Wei, Edward and Huang, Heng and Krupski, Eric and Wittie, Lea},
  booktitle={Proceedings of the 2nd workshop on Semantics, Program Analysis and Computing Environments for Memory Management},
  year={2004}
}
@article{Kiselyov:2008:LMR:1543134.1411288,
 author = {Kiselyov, Oleg and Shan, Chung-chieh},
 title = {Lightweight Monadic Regions},
 journal = {SIGPLAN Not.},
 issue_date = {February 2009},
 volume = {44},
 number = {2},
 month = sep,
 year = {2008},
 issn = {0362-1340},
 pages = {1--12},
 numpages = {12},
 url = {http://doi.acm.org/10.1145/1543134.1411288},
 doi = {10.1145/1543134.1411288},
 acmid = {1411288},
 publisher = {ACM},
 address = {New York, NY, USA},
 keywords = {effect systems, monads, parametric polymorphism, regions, resource management, subtyping, type classes, type systems},
}
@article{Perlis:1982:SFE:947955.1083808,
 author = {Perlis, Alan J.},
 title = {Special Feature: Epigrams on Programming},
 journal = {SIGPLAN Not.},
 issue_date = {September 1982},
 volume = {17},
 number = {9},
 month = sep,
 year = {1982},
 issn = {0362-1340},
 pages = {7--13},
 numpages = {7},
 url = {http://doi.acm.org/10.1145/947955.1083808},
 doi = {10.1145/947955.1083808},
 acmid = {1083808},
 publisher = {ACM},
 address = {New York, NY, USA},
}
@incollection{vanderhart2010macros,
  title={Macros and Metaprogramming},
  author={VanderHart, Luke and Sierra, Stuart},
  booktitle={Practical Clojure},
  pages={167--178},
  year={2010},
  publisher={Springer}
}
@inproceedings{Corry:2006:OSA:1133956.1133978,
 author = {Corry, Erik},
 title = {Optimistic Stack Allocation for Java-like Languages},
 booktitle = {Proceedings of the 5th International Symposium on Memory Management},
 series = {ISMM '06},
 year = {2006},
 isbn = {1-59593-221-6},
 location = {Ottawa, Ontario, Canada},
 pages = {162--173},
 numpages = {12},
 url = {http://doi.acm.org/10.1145/1133956.1133978},
 doi = {10.1145/1133956.1133978},
 acmid = {1133978},
 publisher = {ACM},
 address = {New York, NY, USA},
 keywords = {Java, garbage collection, stack allocation},
}
@inproceedings{Hanson:1990:ESA:91556.91603,
 author = {Hanson, Chris},
 title = {Efficient Stack Allocation for Tail-recursive Languages},
 booktitle = {Proceedings of the 1990 ACM Conference on LISP and Functional Programming},
 series = {LFP '90},
 year = {1990},
 isbn = {0-89791-368-X},
 location = {Nice, France},
 pages = {106--118},
 numpages = {13},
 url = {http://doi.acm.org/10.1145/91556.91603},
 doi = {10.1145/91556.91603},
 acmid = {91603},
 publisher = {ACM},
 address = {New York, NY, USA},
}

@inproceedings{Guyer:2006:FSA:1133981.1134024,
 author = {Guyer, Samuel Z. and McKinley, Kathryn S. and Frampton, Daniel},
 title = {Free-Me: A Static Analysis for Automatic Individual Object Reclamation},
 booktitle = {Proceedings of the 2006 ACM SIGPLAN Conference on Programming Language Design and Implementation},
 series = {PLDI '06},
 year = {2006},
 isbn = {1-59593-320-4},
 location = {Ottawa, Ontario, Canada},
 pages = {364--375},
 numpages = {12},
 url = {http://doi.acm.org/10.1145/1133981.1134024},
 doi = {10.1145/1133981.1134024},
 acmid = {1134024},
 publisher = {ACM},
 address = {New York, NY, USA},
 keywords = {adaptive, compiler-assisted, copying, generational, liveness, locality, mark-sweep, pointer analysis},
}
@inproceedings{Bhattacharya:2011:APL:1985793.1985817,
 author = {Bhattacharya, Pamela and Neamtiu, Iulian},
 title = {Assessing Programming Language Impact on Development and Maintenance: A Study on C and C++},
 booktitle = {Proceedings of the 33rd International Conference on Software Engineering},
 series = {ICSE '11},
 year = {2011},
 isbn = {978-1-4503-0445-0},
 location = {Waikiki, Honolulu, HI, USA},
 pages = {171--180},
 numpages = {10},
 url = {http://doi.acm.org/10.1145/1985793.1985817},
 doi = {10.1145/1985793.1985817},
 acmid = {1985817},
 publisher = {ACM},
 address = {New York, NY, USA},
 keywords = {developer productivity, empirical studies, high-level languages, software evolution, software quality},
}
@inproceedings{Ray:2014:LSS:2635868.2635922,
 author = {Ray, Baishakhi and Posnett, Daryl and Filkov, Vladimir and Devanbu, Premkumar},
 title = {A Large Scale Study of Programming Languages and Code Quality in Github},
 booktitle = {Proceedings of the 22Nd ACM SIGSOFT International Symposium on Foundations of Software Engineering},
 series = {FSE 2014},
 year = {2014},
 isbn = {978-1-4503-3056-5},
 location = {Hong Kong, China},
 pages = {155--165},
 numpages = {11},
 url = {http://doi.acm.org/10.1145/2635868.2635922},
 doi = {10.1145/2635868.2635922},
 acmid = {2635922},
 publisher = {ACM},
 address = {New York, NY, USA},
 keywords = {bug fix, code quality, empirical research, programming language, regression analysis, software domain, type system},
}

@TechReport{hudak1994haskell,
  author =  "Hudak, Paul and Jones, Mark P.",
  title =   {{Haskell vs. Ada vs. C++ vs. Awk vs. ...}
                 An Experiment in Software Prototyping Productivity},
  institution = "Department of Computer Science, Yale University",
  year =    "1994",
  type =    "Research Report",
  number =  "YALEU/DCS/RR-1049",
  address =     "New Haven, CT",
  month =   "Oct"
  }
@book{sicp,
  title={Structure and interpretation of computer programs},
  author={Sussman, Gerry and Abelson, Harold and Sussman, Julie},
  year={1983},
  publisher={MIT Press, Cambridge, Mass}
}
@article{von1993first,
  title={First Draft of a Report on the EDVAC},
  author={Von Neumann, John},
  journal={IEEE Annals of the History of Computing},
  volume={15},
  number={4},
  pages={27--75},
  year={1993},
  publisher={IEEE Computer Society}
}
@article{raymond2003become,
  title={How to become a hacker},
  author={Raymond, Eric S},
  journal={Database and Network Journal},
  volume={33},
  number={2},
  pages={8--9},
  year={2003},
  publisher={AP PUBLICATIONS}
}
@inproceedings{Smith:1984:RSL:800017.800513,
 author = {Smith, Brian Cantwell},
 title = {Reflection and Semantics in LISP},
 booktitle = {Proceedings of the 11th ACM SIGACT-SIGPLAN Symposium on Principles of Programming Languages},
 series = {POPL '84},
 year = {1984},
 isbn = {0-89791-125-3},
 location = {Salt Lake City, Utah, USA},
 pages = {23--35},
 numpages = {13},
 url = {http://doi.acm.org/10.1145/800017.800513},
 doi = {10.1145/800017.800513},
 acmid = {800513},
 publisher = {ACM},
 address = {New York, NY, USA},
}
@phdthesis{sobalvarro1988lifetime,
  title={A lifetime-based garbage collector for LISP systems on general-purpose computers},
  author={Sobalvarro, Patrick G},
  year={1988},
  school={Massachusetts Institute of Technology}
}

@inproceedings{Lattner:2004:LCF:977395.977673,
 author = {Lattner, Chris and Adve, Vikram},
 title = {LLVM: A Compilation Framework for Lifelong Program Analysis \& Transformation},
 booktitle = {Proceedings of the International Symposium on Code Generation and Optimization: Feedback-directed and Runtime Optimization},
 series = {CGO '04},
 year = {2004},
 isbn = {0-7695-2102-9},
 location = {Palo Alto, California},
 pages = {75--},
 url = {http://dl.acm.org/citation.cfm?id=977395.977673},
 acmid = {977673},
 publisher = {IEEE Computer Society},
 address = {Washington, DC, USA},
}

@inproceedings{Terei:2010:LBG:1863523.1863538,
 author = {Terei, David A. and Chakravarty, Manuel M.T.},
 title = {An LLVM Backend for GHC},
 booktitle = {Proceedings of the Third ACM Haskell Symposium on Haskell},
 series = {Haskell '10},
 year = {2010},
 isbn = {978-1-4503-0252-4},
 location = {Baltimore, Maryland, USA},
 pages = {109--120},
 numpages = {12},
 url = {http://doi.acm.org/10.1145/1863523.1863538},
 doi = {10.1145/1863523.1863538},
 acmid = {1863538},
 publisher = {ACM},
 address = {New York, NY, USA},
 keywords = {backend, ghc, llvm},
}

@article{hudak1992gentle,
  title={A gentle introduction to Haskell},
  author={Hudak, Paul and Fasel, Joseph H},
  journal={ACM Sigplan Notices},
  volume={27},
  number={5},
  pages={1--52},
  year={1992},
  publisher={ACM}
}
